<?xml version="1.0" encoding="UTF-8"?><collection xmlns="http://www.loc.gov/MARC21/slim"><record><leader>00532nam--2200193-u-4500</leader><controlfield tag="001">000050331</controlfield><controlfield tag="002">20161230</controlfield><controlfield tag="003">1290</controlfield><controlfield tag="005">20161230201048</controlfield><controlfield tag="008">060608s1000------------r-----000-0-eng-d</controlfield><datafield ind1=" " ind2=" " tag="040"><subfield code="a">IFIN-HH</subfield></datafield><datafield ind1=" " ind2=" " tag="041"><subfield code="a">rus</subfield></datafield><datafield ind1=" " ind2=" " tag="080"><subfield code="a">51</subfield></datafield><datafield ind1="1" ind2="0" tag="100"><subfield code="a">Pogorelov,A.V</subfield></datafield><datafield ind1="1" ind2="0" tag="245"><subfield code="a">Matematicheskogo Instituta Imeni V.A.Steklova</subfield><subfield code="c">A.V.Pogorelov</subfield></datafield><datafield ind1=" " ind2=" " tag="260"><subfield code="a">Moskva</subfield><subfield code="b">Izdatelstvo Akademii Nauk SSSR</subfield><subfield code="c">1949</subfield></datafield><datafield ind1=" " ind2=" " tag="490"><subfield code="a">Odnoznachnaia opredelennost vypuklykh poverkhnostei</subfield><subfield code="v">Vol.XXIX</subfield></datafield><datafield ind1=" " ind2=" " tag="852"><subfield code="a">51</subfield></datafield><datafield ind1=" " ind2=" " tag="CAT"><subfield code="a">Sys</subfield><subfield code="c">20060608</subfield><subfield code="h">084529</subfield></datafield></record></collection>